 @misc{ wiki:Stiftleiste,
   author = "Wikipedia",
   title = "Stiftleiste --- Wikipedia{,} Die freie Enzyklopädie",
   year = "2012",
   url = "http://de.wikipedia.org/w/index.php?title=Stiftleiste&oldid=99052435",
   note = "[Online; Stand 11. Februar 2012]"
 }

 @misc{ wiki:Daisy,
   author = "Wikipedia",
   title = "Daisy chain --- Wikipedia{,} Die freie Enzyklopädie",
   year = "2012",
   url = "http://de.wikipedia.org/w/index.php?title=Daisy_chain&oldid=98475104",
   note = "[Online; Stand 11. Februar 2012]"
 }
 
  @misc{ atmel:8515,
   author = "Atmel",
   title = "ATmega8515- Atmel Corporation",
   year = "2012",
   url = " http://www.atmel.com/devices/ATMEGA8515.aspx",
   note = "[Online; Stand 11. Februar 2012]"
 }
 
  @misc{ atmel:324A,
   author = "Atmel",
   title = "ATmega324A- Atmel Corporation",
   year = "2012",
   url = " http://www.atmel.com/devices/ATMEGA324A.aspx",
   note = "[Online; Stand 11. Februar 2012]"
 }
 
  @Manual{ rs:ug_stepper,
	title = {Schrittmotor-Platine mit integriertem Treiber},
	key = {V9141},
	organization = {RS},
	address = {Mörfelden-Walldorf},
	month = {03},
	year = {2001},
}

  @Manual{ atmel:ug_324A,
	title = {ATmega164A/PA/324A/PA/644A/PA/1284/P Complete},
	organization = {Atmel},
	address = {San Jose, CA 95131, USA},
	month = {06},
	year = {2011},
}